@article{terrell1990maximal,
	title={The maximal smoothing principle in density estimation},
	author={Terrell, George R},
	journal={Journal of the American Statistical Association},
	volume={85},
	number={410},
	pages={470--477},
	year={1990},
	publisher={Taylor \& Francis}
}


@article{lauer2020incubation,
	title={The incubation period of coronavirus disease 2019 (COVID-19) from publicly reported confirmed cases: estimation and application},
	author={Lauer, Stephen A and Grantz, Kyra H and Bi, Qifang and Jones, Forrest K and Zheng, Qulu and Meredith, Hannah R and Azman, Andrew S and Reich, Nicholas G and Lessler, Justin},
	journal={Annals of internal medicine},
	volume={172},
	number={9},
	pages={577--582},
	year={2020},
	publisher={American College of Physicians}
}


@article{poole2000inference,
	title={Inference for deterministic simulation models: the Bayesian melding approach},
	author={Poole, David and Raftery, Adrian E},
	journal={Journal of the American Statistical Association},
	volume={95},
	number={452},
	pages={1244--1255},
	year={2000},
	publisher={Taylor \& Francis Group}
}


@article{sanchez2020many,
	title={How many lives can be saved? A global view on the impact of testing, herd immunity and demographics on COVID-19 fatality rates (supplementary material)},
	author={S{\'a}nchez-Romero, Miguel and Di Lego, Vanessa and Prskawetz, Alexia and Queiroz, Bernardo L},
	journal={medRxiv},
	year={2020},
	publisher={Cold Spring Harbor Laboratory Press}
}


@article{alkema2008bayesian,
	title={Bayesian melding for estimating uncertainty in national HIV prevalence estimates},
	author={Alkema, Leontine and Raftery, Adrian E and Brown, Tim},
	journal={Sexually transmitted infections},
	volume={84},
	number={Suppl 1},
	pages={i11--i16},
	year={2008},
	publisher={The Medical Society for the Study of Venereal Disease}
}

@article{hotta2010bayesian,
	title={Bayesian melding estimation of a stochastic SEIR model},
	author={Hotta, Luiz K},
	journal={Mathematical Population Studies},
	volume={17},
	number={2},
	pages={101--111},
	year={2010},
	publisher={Taylor \& Francis}
}


@online{uniwa,
	title = {Bayesian melding - University of Washington},
	url = {https://sites.stat.washington.edu/hana/talk/bm_slides.pdf},
}


@online{silvermanscott,
title = {Kernel Bandwidth: Scott's vs. Silverman's rules},
url = {https://stats.stackexchange.com/questions/90656/kernel-bandwidth-scotts-vs-silvermans-rules},
}